%% This BibTeX bibliography file was created using BibDesk.
%% http://bibdesk.sourceforge.net/


%% Created for Lauro Cesar Araujo at 2013-04-05 08:03:49 -0300 


%% Saved with string encoding Unicode (UTF-8) 


@book{1-Oreilly,
	Address = {Sebastopol, CA, USA},
	Author = {Segaran, Toby},
	Date-Added = {2018-10-30 19:44:16 +0000},
	Date-Modified = {2018-10-30 19:44:16 +0000},
	Publisher = {O’Reilly Media, Inc.},
	Title = {Programming Collective Intelligence},
	Year = {2007}
}

@article{2-CFSurvey,
	title = {A Survey of Collaborative Filtering Techniques},
	author = {Xiaoyuan, Su and Khoshgoftaar, Taghi M.},
	journal = {Advances in Artificial Intelligence},
	volume = {2009},
	pages = {19},
	year = {2009}
}

@mastersthesis{3-GUARD,
	title = {GUARD: Um Arcabouço para Recomendações Baseado em Programação Genética},
	author = {Guimarães, Adolfo Pinto},
	Address = {Belo Horizonte},
	Date-Added = {2018-11-08 11:33:42 +0000},
	Date-Modified = {2018-11-08 11:33:42 +0000},
	Month = {Mar{\c c}o},
	School = {Programa de Pós-Graduação em Ciência da Computação do Instituto de Ciências Exatas da Universidade Federal de Minas Gerais},
	Year = {2013}
}

@article{4-GeneticSolutionToCF,
	title = {A Genetic Solution to the Collaborative Filtering Problem},
	author = {Yilmaz Ar, Erkan Bostanci},
	journal = {Expert Systems With Applications},
	volume = {61},
	pages = {21},
	year = {2016}
}

@article{5-GoogleCollaborativeFiltering,
	title = {Google News Personalization: Scalable Online Collaborative Filtering},
	author = {Das, Abhinandan and Datar, Mayur and Garg, Ashutosh and Rajaram, Shayu},
	journal = {Proceedings of the 16th International Conference on World Wide Web},
	pages = {9},
	year = {2007}
}

@misc{7-MeasuresBetweenSamples,
	Author = {Greenacre, Michael},
	Date-Added = {2018-11-06 01:40:21 +0000},
	Date-Modified = {2018-11-06 01:40:21 +0000},
	Title = {Measures of distance between samples: Euclidean},
	Url = {http://www.econ.upf.edu/~michael/stanford/maeb4.pdf},
	Urlaccessdate = {06.11.2018},
	Year = {2008}
}

@misc{8-MeasuresBetweenSamplesNonEuclidean,
	Author = {Greenacre, Michael},
	Date-Added = {2018-11-08 23:40:21 +0000},
	Date-Modified = {2018-11-08 23:40:21 +0000},
	Title = {Measures of distance between samples: Non Euclidean},
	Url = {http://www.econ.upf.edu/~michael/stanford/maeb5.pdf},
	Urlaccessdate = {08.11.2018},
	Year = {2008}
}

@misc{9-CorrelationBetweenVariables,
	Author = {Greenacre, Michael},
	Date-Added = {2018-11-08 22:42:21 +0000},
	Date-Modified = {2018-11-06 22:42:21 +0000},
	Title = {Measure of Distance and Correlation Between Variables},
	Url = {http://www.econ.upf.edu/~michael/stanford/maeb6.pdf},
	Urlaccessdate = {08.11.2018},
	Year = {2008}
}

@misc{10-HierarchicalClusteringAnalysis,
	Author = {Greenacre, Michael},
	Date-Added = {2018-11-08 22:42:21 +0000},
	Date-Modified = {2018-11-06 22:42:21 +0000},
	Title = {Hierarchical Clustering Analysis},
	Url = {http://www.econ.upf.edu/~michael/stanford/maeb7.pdf},
	Urlaccessdate = {08.11.2018},
	Year = {2008}
}

@article{11-GenericContextualRecommender,
	title = {A Generic Multipurpose recommender System for Contextual Recommendations},
	author = {Rack, Christian and Arbanowski, Stefan and Steglich, Stephan},
	journal = {Eighth International Symposium on Autonomous Decentralized Systems},
	pages = {6},
	year = {2007}
}
